<record><leader>00000cas a2200000 a 4500</leader><controlfield tag="001">33434000</controlfield><controlfield tag="007">hd bfu---baat</controlfield><controlfield tag="007">hd afu---bact</controlfield><controlfield tag="008">951107d18801883nbuwr nea     0    0eng d</controlfield><datafield ind1=" " ind2=" " tag="010"><subfield code="a">sn 95073160 </subfield></datafield><datafield ind1=" " ind2=" " tag="040"><subfield code="a">NVG</subfield><subfield code="b">eng</subfield><subfield code="c">NVG</subfield><subfield code="d">OCL</subfield><subfield code="d">OCLCQ</subfield><subfield code="d">OCLCF</subfield><subfield code="d">OCLCO</subfield></datafield><datafield ind1="1" ind2=" " tag="029"><subfield code="a">AU@</subfield><subfield code="b">000012081952</subfield></datafield><datafield ind1=" " ind2=" " tag="042"><subfield code="a">msc</subfield></datafield><datafield ind1=" " ind2=" " tag="043"><subfield code="a">n-us-nb</subfield></datafield><datafield ind1="0" ind2=" " tag="130"><subfield code="a">Gazette-journal (Hastings, Neb.)</subfield></datafield><datafield ind1="1" ind2="4" tag="245"><subfield code="a">The gazette-journal</subfield><subfield code="h">[microform].</subfield></datafield><datafield ind1="1" ind2=" " tag="246"><subfield code="i">Title in publisher's box:</subfield><subfield code="a">Adams County gazette</subfield><subfield code="f">Dec. 9, 1880</subfield></datafield><datafield ind1=" " ind2=" " tag="260"><subfield code="a">Hastings, Neb. :</subfield><subfield code="b">Wigton Bros.,</subfield><subfield code="c">1880-</subfield></datafield><datafield ind1=" " ind2=" " tag="300"><subfield code="a">v.</subfield></datafield><datafield ind1=" " ind2=" " tag="310"><subfield code="a">Weekly</subfield></datafield><datafield ind1="0" ind2=" " tag="362"><subfield code="a">Vol. 8, no. 31 (Dec. 9, 1880)- = v. 9, no. 49-</subfield></datafield><datafield ind1="1" ind2=" " tag="362"><subfield code="a">Ceased in 1883.</subfield></datafield><datafield ind1=" " ind2=" " tag="580"><subfield code="a">Formed by the union of: Adams County gazette (Juniata, Neb.), and: Hastings journal (Hastings, Neb.).</subfield></datafield><datafield ind1=" " ind2=" " tag="580"><subfield code="a">Split into: Hastings daily gazette-journal, and: Hastings weekly gazette-journal.</subfield></datafield><datafield ind1=" " ind2=" " tag="533"><subfield code="a">Microfilm.</subfield><subfield code="m">1880-Nov. 30,1882.</subfield><subfield code="b">Lincoln, Neb. :</subfield><subfield code="c">Nebraska State Historical Society,</subfield><subfield code="d">1973.</subfield><subfield code="e">2 microfilm reels ; 35 mm.</subfield></datafield><datafield ind1=" " ind2="0" tag="651"><subfield code="a">Hastings (Neb.)</subfield><subfield code="v">Newspapers.</subfield></datafield><datafield ind1=" " ind2="7" tag="655"><subfield code="a">Newspapers.</subfield><subfield code="2">fast</subfield><subfield code="0">(OCoLC)fst01423814</subfield></datafield><datafield ind1=" " ind2="7" tag="651"><subfield code="a">Nebraska</subfield><subfield code="z">Hastings.</subfield><subfield code="2">fast</subfield><subfield code="0">(OCoLC)fst01218844</subfield></datafield><datafield ind1=" " ind2=" " tag="752"><subfield code="a">United States</subfield><subfield code="b">Nebraska</subfield><subfield code="c">Adams</subfield><subfield code="d">Hastings.</subfield></datafield><datafield ind1="1" ind2="4" tag="780"><subfield code="t">Adams County gazette (Juniata, Neb.)</subfield><subfield code="w">(DLC)sn 95073156</subfield></datafield><datafield ind1="1" ind2="4" tag="780"><subfield code="t">Hastings journal (Hastings, Neb.)</subfield><subfield code="w">(DLC)sn 95073158</subfield></datafield><datafield ind1="1" ind2="6" tag="785"><subfield code="t">Hastings daily gazette-journal</subfield><subfield code="w">(DLC)sn 95073163</subfield></datafield><datafield ind1="1" ind2="6" tag="785"><subfield code="t">Hastings weekly gazette-journal</subfield><subfield code="w">(DLC)sn 95073161</subfield></datafield></record>